% Encoding: UTF-8

@article{Kuzmin,
  title={{Kuzmin R O. Sur un problème de Gauss. Atti Congr. Bologna, 1932, 6:83–89.}}
}

@article{Iosifescu,
  title={{Iosifescu M, Kraaikamp C. Metrical theory of continued fractions.  Kluwer Academic Publishers, Dordrecht, 2002.}}
}

@article{Levy,
  title={{Lévy P P. Sur les lois de probabilité dont dependent les quotients complets et incomplets d'une fraction continue. Bulletin de la Société Mathématique de France, 1929, 57:178–194.}}
}

@article{Liu_Peng,
  title={刘鹏. 随机过程观点下的连分数. 复旦大学, 2012.}
}

@article{Gauss-Kuzmin_type,
  title={{Kalpazidou S. On a problem of Gauss-Kuzmin type for continued fraction with odd partial quotients. Pacific Journal of Mathematics, 1986, 123:103–114.}}
}

@article{Zhang_Xian,
    title={{张贤. 一类连分数展式的 GaussKuzmin 定理及相关问题的研究, 2020.}}
}

@article{Random_variables,
  title={{Kesseböhmer M, Slassi M. A distributional limit law for the continued fraction digit sum. Mathematische Nachrichten, 2008, 281:1294–1306.}}}
}

@article{Dimensional_theory,
  title={{Good I J. The fractional dimensional theory of continued fractions. Proceedings of the Cambridge Philosophical Society, 1941, 37:199–228.}}
}

@article{Zhang_Mengjie,
  title={{张梦杰. 数的表示理论中的一些分形问题. 华中科技大学, 2020.}}
}

@article{Xie_Shenghan,
  title={{谢胜寒. 随机连分数度量性质和收敛定理的若干研究. 华南理工大学, 2020.}}
}

@article{Geng_Xianjin,
   title={{耿仙金. 记数与离散动力系统. 华中科技大学, 2014.}}
}

@article{Khinchin,
  title={{Khinchin A Y. Continued fractions. University of Chicago Press, Chicago, 1964.}}
}

@article{Ergodic_Sun,
  title={{孙文祥. 遍历论. 北京大学出版社, 2012.}}
}

@article{Ergodic_theory,
  title={{Billingsley P. Ergodic theory and information. Wiley, New York, 1965.}}
}

@article{The_long_history,
  title={{Brezinski C. The long history of continued fractions and Padé approximants. Springer, Berlin, 1991.}}
}

@articlek{Ergodicity_and_mixing,
  title={{Quas A. Ergodicity and mixing properties. Mathematics of Complexity and Dynamical Sytems, 2012.}}
}


@article{Mixing_lemma,
  title={{Philipp W. Some metrical theorems in number theory. Pacific Journal of Mathematics, 1967, 20:109–127.}}
}


@article{Mixing,
  title={{Bradley R C.  Basic properties of strong mixing conditions. A survey and some open questions. Probability Surveys, 2005, 2:107–144.}}
}

@article{Partial_quotients,
  title={{Philipp W. Limit theorems for sums of partial quotients of continued fractions. Monatshefte für Mathematik, 1988, 105:195–206.}}
}


